%YAML 1.1
%TAG !u! tag:unity3d.com,2011:
--- !u!1 &5301908393499310528
GameObject:
  m_ObjectHideFlags: 0
  m_CorrespondingSourceObject: {fileID: 0}
  m_PrefabInstance: {fileID: 0}
  m_PrefabAsset: {fileID: 0}
  serializedVersion: 6
  m_Component:
  - component: {fileID: 5301908393499310530}
  - component: {fileID: 5301908393499310540}
  - component: {fileID: 3565660976022942654}
  - component: {fileID: 8401445085560003393}
  m_Layer: 0
  m_Name: Gold_Ingot
  m_TagString: Item
  m_Icon: {fileID: 0}
  m_NavMeshLayer: 0
  m_StaticEditorFlags: 0
  m_IsActive: 1
--- !u!4 &5301908393499310530
Transform:
  m_ObjectHideFlags: 0
  m_CorrespondingSourceObject: {fileID: 0}
  m_PrefabInstance: {fileID: 0}
  m_PrefabAsset: {fileID: 0}
  m_GameObject: {fileID: 5301908393499310528}
  m_LocalRotation: {x: 0, y: 0, z: 0, w: 1}
  m_LocalPosition: {x: 0, y: 0, z: 0}
  m_LocalScale: {x: 1, y: 1, z: 1}
  m_Children:
  - {fileID: 75153586120835433}
  m_Father: {fileID: 0}
  m_RootOrder: 0
  m_LocalEulerAnglesHint: {x: 0, y: 0, z: 0}
--- !u!114 &5301908393499310540
MonoBehaviour:
  m_ObjectHideFlags: 0
  m_CorrespondingSourceObject: {fileID: 0}
  m_PrefabInstance: {fileID: 0}
  m_PrefabAsset: {fileID: 0}
  m_GameObject: {fileID: 5301908393499310528}
  m_Enabled: 1
  m_EditorHideFlags: 0
  m_Script: {fileID: 11500000, guid: 810688d92843f7b4c961e5dfc6e14247, type: 3}
  m_Name: 
  m_EditorClassIdentifier: 
  offset: {x: 0, y: -0.07, z: 0.26}
  isGood: 1
--- !u!65 &3565660976022942654
BoxCollider:
  m_ObjectHideFlags: 0
  m_CorrespondingSourceObject: {fileID: 0}
  m_PrefabInstance: {fileID: 0}
  m_PrefabAsset: {fileID: 0}
  m_GameObject: {fileID: 5301908393499310528}
  m_Material: {fileID: 0}
  m_IsTrigger: 1
  m_Enabled: 0
  serializedVersion: 2
  m_Size: {x: 0.9, y: 0.26, z: 0.5}
  m_Center: {x: 0, y: 0, z: 0}
--- !u!54 &8401445085560003393
Rigidbody:
  m_ObjectHideFlags: 0
  m_CorrespondingSourceObject: {fileID: 0}
  m_PrefabInstance: {fileID: 0}
  m_PrefabAsset: {fileID: 0}
  m_GameObject: {fileID: 5301908393499310528}
  serializedVersion: 2
  m_Mass: 1
  m_Drag: 0
  m_AngularDrag: 0.05
  m_UseGravity: 0
  m_IsKinematic: 0
  m_Interpolate: 0
  m_Constraints: 112
  m_CollisionDetection: 0
--- !u!1001 &468452103021995650
PrefabInstance:
  m_ObjectHideFlags: 0
  serializedVersion: 2
  m_Modification:
    m_TransformParent: {fileID: 5301908393499310530}
    m_Modifications:
    - target: {fileID: -8679921383154817045, guid: 4b834b7a56c67f743b50ce18e16e52bf, type: 3}
      propertyPath: m_RootOrder
      value: 0
      objectReference: {fileID: 0}
    - target: {fileID: -8679921383154817045, guid: 4b834b7a56c67f743b50ce18e16e52bf, type: 3}
      propertyPath: m_LocalScale.x
      value: 20
      objectReference: {fileID: 0}
    - target: {fileID: -8679921383154817045, guid: 4b834b7a56c67f743b50ce18e16e52bf, type: 3}
      propertyPath: m_LocalScale.y
      value: 20
      objectReference: {fileID: 0}
    - target: {fileID: -8679921383154817045, guid: 4b834b7a56c67f743b50ce18e16e52bf, type: 3}
      propertyPath: m_LocalScale.z
      value: 20
      objectReference: {fileID: 0}
    - target: {fileID: -8679921383154817045, guid: 4b834b7a56c67f743b50ce18e16e52bf, type: 3}
      propertyPath: m_LocalPosition.x
      value: 0
      objectReference: {fileID: 0}
    - target: {fileID: -8679921383154817045, guid: 4b834b7a56c67f743b50ce18e16e52bf, type: 3}
      propertyPath: m_LocalPosition.y
      value: 0
      objectReference: {fileID: 0}
    - target: {fileID: -8679921383154817045, guid: 4b834b7a56c67f743b50ce18e16e52bf, type: 3}
      propertyPath: m_LocalPosition.z
      value: 0
      objectReference: {fileID: 0}
    - target: {fileID: -8679921383154817045, guid: 4b834b7a56c67f743b50ce18e16e52bf, type: 3}
      propertyPath: m_LocalRotation.w
      value: 0.7071068
      objectReference: {fileID: 0}
    - target: {fileID: -8679921383154817045, guid: 4b834b7a56c67f743b50ce18e16e52bf, type: 3}
      propertyPath: m_LocalRotation.x
      value: -0.7071068
      objectReference: {fileID: 0}
    - target: {fileID: -8679921383154817045, guid: 4b834b7a56c67f743b50ce18e16e52bf, type: 3}
      propertyPath: m_LocalRotation.y
      value: 0
      objectReference: {fileID: 0}
    - target: {fileID: -8679921383154817045, guid: 4b834b7a56c67f743b50ce18e16e52bf, type: 3}
      propertyPath: m_LocalRotation.z
      value: 0
      objectReference: {fileID: 0}
    - target: {fileID: -8679921383154817045, guid: 4b834b7a56c67f743b50ce18e16e52bf, type: 3}
      propertyPath: m_LocalEulerAnglesHint.x
      value: -90
      objectReference: {fileID: 0}
    - target: {fileID: -8679921383154817045, guid: 4b834b7a56c67f743b50ce18e16e52bf, type: 3}
      propertyPath: m_LocalEulerAnglesHint.y
      value: 0
      objectReference: {fileID: 0}
    - target: {fileID: -8679921383154817045, guid: 4b834b7a56c67f743b50ce18e16e52bf, type: 3}
      propertyPath: m_LocalEulerAnglesHint.z
      value: 0
      objectReference: {fileID: 0}
    - target: {fileID: 919132149155446097, guid: 4b834b7a56c67f743b50ce18e16e52bf, type: 3}
      propertyPath: m_Name
      value: Gold
      objectReference: {fileID: 0}
    m_RemovedComponents: []
  m_SourcePrefab: {fileID: 100100000, guid: 4b834b7a56c67f743b50ce18e16e52bf, type: 3}
--- !u!4 &75153586120835433 stripped
Transform:
  m_CorrespondingSourceObject: {fileID: -8679921383154817045, guid: 4b834b7a56c67f743b50ce18e16e52bf, type: 3}
  m_PrefabInstance: {fileID: 468452103021995650}
  m_PrefabAsset: {fileID: 0}
